@misc{repoCodigo,
author = {Hualtibamba, Mathias and Mancusi, Giorgio and Osorio, Fabio},
title = {Repositorio del proyecto},
year = {2025},
url={https://github.com/Giorgio6846/UPC-TF-ComplexNetwork}
}

@misc{ding2025comprehensivesurveyartificialintelligence,
  title         = {A Comprehensive Survey on Artificial Intelligence for Complex Network: Potential, Methodology and Application},
  author        = {Jingtao Ding and Chang Liu and Yu Zheng and Yunke Zhang and Zihan Yu and Ruikun Li and Hongyi Chen and Jinghua Piao and Huandong Wang and Jiazhen Liu and Yong Li},
  year          = {2025},
  eprint        = {2402.16887},
  archiveprefix = {arXiv},
  primaryclass  = {cs.SI},
  url           = {https://arxiv.org/abs/2402.16887}
}

@article{Zamora_L_pez_2024,
  title     = {An integrative dynamical perspective for graph theory and the analysis of complex networks},
  volume    = {34},
  issn      = {1089-7682},
  url       = {http://dx.doi.org/10.1063/5.0202241},
  doi       = {10.1063/5.0202241},
  number    = {4},
  journal   = {Chaos: An Interdisciplinary Journal of Nonlinear Science},
  publisher = {AIP Publishing},
  author    = {Zamora-LÃ³pez, Gorka and Gilson, Matthieu},
  year      = {2024},
  month     = apr
}
